<?xml version="1.0" encoding="UTF-8"?><collection xmlns="http://www.loc.gov/MARC21/slim"><record><leader>00419nam--2200133-i-4500</leader><controlfield tag="001">000010590</controlfield><controlfield tag="002">20161230</controlfield><controlfield tag="005">20161230201028</controlfield><controlfield tag="008">060222s1000------------r-----000-0-eng-d</controlfield><datafield ind1=" " ind2=" " tag="080"><subfield code="a">608.3:002</subfield></datafield><datafield ind1=" " ind2=" " tag="100"><subfield code="a">Badarau, Alexei</subfield></datafield><datafield ind1=" " ind2=" " tag="245"><subfield code="a">Progrese in organizarea informatii pentru lite ratura de brevete</subfield></datafield><datafield ind1=" " ind2=" " tag="260"><subfield code="a">Bucuresti, Institutul National De Informare Si Documentare Stiintifica Si Tehnica, 1972.82 P</subfield></datafield><datafield ind1=" " ind2=" " tag="852"><subfield code="a">38318</subfield></datafield></record></collection>